Entries need to comply with biblatex definitions.


========================================================
BOOKS
========================================================

@book{chodorow_2011,
	title={Scaling MongoDB},
	author={Chodorow, Kristina},
	url={http://swin.eblib.com.au.ezproxy.lib.swin.edu.au/patron/FullRecord.aspx?p=656336},
	year={2011},
	publisher={O'Reilly Media}
},

@book{holt_2011,
	title={Scaling CouchDB},
	author={Holt, Bradley},
	url={http://swin.eblib.com.au.ezproxy.lib.swin.edu.au/patron/FullRecord.aspx?p=680895},
	year={2011},
	publisher={O'Reilly Media}
},

@book{Breshears_2009,
  Author = {Breshears,Clay},
  Title = {The Art of Concurrency: A Thread Monkey's Guide to Writing Parallel Applications},
  Publisher = {O'Reilly Media},
  Year = {2009},
  ISBN = {0596521537},
  URL = {\url{http://www.amazon.com/Art-Concurrency-Monkeys-Parallel-Applications/dp/0596521537%3FSubscriptionId%3D0JYN1NVW651KCA56C102%26tag%3Dtechkie-20%26linkCode%3Dxm2%26camp%3D2025%26creative%3D165953%26creativeASIN%3D0596521537}}
},

@book{sheng_2010,
	title={WEB-BASED INFORMATION TECHNOLOGIES AND DISTRIBUTED SYSTEMS},
	author={Sheng, Quan Z},
	url={http://swin.eblib.com.au.ezproxy.lib.swin.edu.au/patron/FullRecord.aspx?p=974019},
	year={2010},
	publisher={Atlantis Press}
},

@book{kshemkalyani_2008,
	title={Distributed Computing : Principles, Algorithms, and Systems},
	author={Kshemkalyani, Ajay},
	url={http://swin.eblib.com.au.ezproxy.lib.swin.edu.au/patron/FullRecord.aspx?p=336106},
	year={2008},
	publisher={Cambridge University Press}
},

@book{neumann_2009,
	title={Economic Models and Algorithms for Distributed Systems},
	author={Neumann, Dirk},
	url={http://swin.eblib.com.au.ezproxy.lib.swin.edu.au/patron/FullRecord.aspx?p=571604},
	year={2009},
	publisher={Springer}
},

@book{herron_2011,
	title={Node Web Development},
	author={Herron, David},
	url={http://swin.eblib.com.au.ezproxy.lib.swin.edu.au/patron/FullRecord.aspx?p=948531},
	year={2011},
	publisher={Packt Publishing}
},

@book{maccaw_2011,
	title={JavaScript Web Applications},
	author={MacCaw, Alex},
	url={http://swin.eblib.com.au.ezproxy.lib.swin.edu.au/patron/FullRecord.aspx?p=769346},
	year={2011},
	publisher={O'Reilly Media}
},

@book{amundsen_2011,
	title={Building Hypermedia APIs with HTML5 and Node},
	author={Amundsen, Mike},
	url={http://swin.eblib.com.au.ezproxy.lib.swin.edu.au/patron/FullRecord.aspx?p=811410},
	year={2011},
	publisher={O'Reilly Media}
},

@book{teixeira_2012,
	title={Professional Node.js : Building Javascript Based Scalable Software},
	author={Teixeira, Pedro},
	url={http://swin.eblib.com.au.ezproxy.lib.swin.edu.au/patron/FullRecord.aspx?p=821863},
	year={2012},
	publisher={Wrox}
},

@book{thompson_2011,
	title={Getting Started with GEO, CouchDB, and Node.js},
	author={Thompson, Mick},
	url={http://swin.eblib.com.au.ezproxy.lib.swin.edu.au/patron/FullRecord.aspx?p=769365},
	year={2011},
	publisher={O'Reilly Media}
},

@book{fettig_2005,
	title={Twisted Network Programming Essentials},
	author={Fettig, Abe},
	year={2005},
	publisher={O'Reilly Media}
},


========================================================
ARTICLES
========================================================



========================================================
ONLINE
========================================================

@online{node_2012,
	author = {{Joyent, Inc},},
	title = {Node.js v0.8.15 Manual & Documentation},
	year = {2012},
	url = {http://nodejs.org/api/},
	urldate = {2012-12-11},
}

@online{Croucher_2010,
	author = {Hughes-Croucher, Tom},
	title = {Understanding event loops},
	year = {2010},
	url = {http://developer.yahoo.com/blogs/ydn/posts/2010/10/understanding-the-event-loops-and-writing-great-code-for-node-js-part-1/},
	urldate = {2013-01-01},
}

@online{Twisted_2012,
	author = {therve},
	title = {Twisted Project Page},
	year = {2012},
	url = {http://twistedmatrix.com/trac/},
	urldate = {2013-01-01},
}

@online{Mashtable_2011,
	author = {O'Dell, Jolie},
	title = {Why Everyone Is Talking About Node},
	year = {2011},
	url = {http://mashable.com/2011/03/10/node-js/},
	urldate = {2013-01-09},
}


========================================================
OTHER
========================================================
